2716 4664
597 279 641 344 ib

1 447 142 526 disse
163 451 304 514 constan
323 443 407 512 hanc
426 447 523 531 igitur
542 449 592 529 (et
612 411 748 515 furasse
769 457 934 533 praeterea
953 452 1159 537 l’roagonetn

1 577 142 652 puae
167 555 278 620 labnla
304 555 435 618 etism
424 575 458 619 ιιι
479 555 640 639 Euripidis
665 563 734 621 arta
761 560 944 641 exagitanda
969 561 1162 640 versabatur,
1225 618 1229 622 .

1 633 3 734 i
58 682 200 748 quaeque
223 669 266 724 et
280 663 359 744 ipsa
370 659 546 726 Philonidis
567 663 692 728 nominc
714 667 877 729 commissa
898 667 988 746 est),
1010 667 1085 748 quin
1113 683 1165 731 rc-

58 770 194 854 spexerit
221 769 278 831 ille
303 769 538 849 grammaticus,
564 769 679 832 nemini
705 773 823 851 poterit
848 773 911 833 lam
933 791 1004 835 osae
1025 772 1173 862 dubium.

59 875 194 958 litque·
183 893 216 937 an
228 875 390 938 Socratem
412 876 546 956 quidem,
569 875 628 938 etsi
647 875 733 940 hunc
749 875 971 960 philosophum
990 877 1066 940 alias
1087 895 1166 958 quo·

59 999 117 1064 que
139 980 391 1044 laesltcomious
411 987 529 1064 poeta,·
549 981 742 1062 potissimum
772 984 886 1066 scripta
911 981 973 1046 luit
1003 982 1171 1070 comoedia

57 1081 151 1170 longa
173 1085 381 1150 inmanissima
401 1087 520 1163 Nubes,
542 1105 622 1167 qnae
644 1085 736 1152 docta
758 1094 807 1153 est
822 1089 946 1172 Olymp.
957 1086 1120 1162 cxxxix
1141 1088 1162 1151 1

57 1196 144 1258 cuius
174 1192 302 1256 fabulae
329 1191 410 1255 baec
430 1197 479 1256 est
500 1193 685 1258 didascalia:
712 1192 762 1256 Αἱ
790 1192 920 1276 πράται
947 1189 1100 1278 Νεφέλαι
1126 1183 1164 1254 ἐν

26 1323 29 1329 ·
57 1291 151 1362 άστει
179 1291 415 1380 ἐδιδάχθησαν
445 1293 500 1358 ἐπὶ
527 1290 685 1382 ἄρχοντος
712 1293 882 1384 Ἰσάρχου,
911 1288 966 1364 ὁέε
993 1296 1163 1384 Κρατῖνος

56 1397 231 1489 piciniaco
251 1397 402 1490 Πυτίνῃ,
425 1395 611 1488 Ἀμειψίας
639 1402 675 1478 δὲ
698 1399 836 1492 Κόννῳ·
868 1398 983 1491 διόπερ
1009 1389 1168 1492 Ἀριστοξ

57 1504 168 1598 patene
189 1505 407 1594 ὅῡᾱρρῦφθὲὶς
428 1505 624 1594 παραλόγως
645 1507 745 1599 ᾠήθη
775 1507 844 1574 δεῖν
872 1495 1078 1587 άναδιδάξαε
1105 1501 1168 1582 τάς
1259 1527 1261 1530 ·

58 1615 211 1701 δευτέρας
239 1609 509 1702 ἇπομὲμφεσθαι
536 1617 575 1680 τὸ
596 1616 756 1702 θέατρον.
807 1621 896 1699 Quae
926 1617 1052 1697 quidem
1079 1615 1168 1677 dida·

57 1729 152 1794 scalia
180 1741 375 1805 nequaquam
401 1725 520 1806 arguit,
547 1723 581 1786 ld
609 1725 694 1806 quod
720 1724 813 1808 vulgo
842 1723 1035 1801 existimant,
1063 1721 1178 1807 ipsunt¹

60 1819 305 1916 Aristophanem
330 1847 388 1893 sno
416 1831 542 1895 nomine
568 1831 651 1895 banc
678 1831 871 1896 comoediam
910 1829 1070 1907 docuisse,
1104 1847 1170 1926 uon

59 1941 160 2023 magis
181 1957 274 2020 qnam
294 1936 365 2012 illa,
377 1954 473 2018 puae
493 1935 576 2002 inira
595 1939 743 2021 leguntur
763 1939 899 2003 ibidem.
925 1929 989 2013 τὴν
1017 1915 1080 2018 μὲν
1104 1952 1168 1996 κω·

57 2027 187 2132 μωδίαν
217 2039 349 2118 καθῆκε
377 2036 463 2104 κατά
483 2037 679 2127 Σωκράτους
700 2042 769 2116 κτλ.
817 2051 871 2108 aut
898 2044 951 2108 alii
980 2041 1057 2119 loci,
1086 2057 1167 2128 quos

57 2151 186 2216 lorsltan
210 2151 280 2232 quis
302 2155 451 2232 congerat
472 2150 512 2216 ad
542 2152 701 2234 vulgarem
728 2151 815 2214 illam
836 2149 1016 2231 opinionem
1035 2149 1165 2220 firmau-

32 2251 35 2256 ’
56 2257 137 2321 daun
191 2257 279 2320 Nihil
300 2250 383 2318 enim
404 2257 510 2320 idonei
532 2259 707 2340 argumenti
728 2257 769 2320 ad
790 2257 875 2318 illam
896 2256 1076 2335 opinionem
1097 2258 1161 2338 staff
1237 2241 1238 2244 ¹

58 2363 226 2428 blliendatn
248 2371 339 2445 petas
360 2381 399 2424 ex
420 2363 586 2427 caholiasta
608 2366 689 2427 Nub.
711 2384 740 2427 v.
762 2363 844 2425 5211·
871 2352 964 2428 οὔπω
985 2355 1163 2478 ἐπέτρεπον

60 2464 192 2555 ἐμαυτῷ
212 2466 348 2550 λέγειν
340 2461 397 2528 διά
418 2485 495 2545 την
501 2460 601 2530 αι’δωε
640 2463 678 2530 ori
702 2463 770 2556 γάρ
792 2459 843 2528 δι’
867 2461 987 2528 ἑαυτου
973 2456 1078 2544 ἐξ’
1059 2458 1162 2550 αρχῆς

56 2573 188 2653 καθῆκε
209 2569 252 2636 τά
273 2565 467 2656 δράματα“
451 2593 470 2634 ο
492 2567 649 2654 ποιητής,
666 2569 821 2655 εὐλαβὴς
843 2563 1029 2658 σφόδρα”
998 2588 1063 2649 ων,
1092 2561 1162 2648 ἀπὸ

54 2677 93 2745 δὲ
114 2699 183 2744 των
200 2675 346 2742 Ἱππέων
366 2671 491 2763 ἤρξατο
512 2676 599 2742 διΗ
584 2679 706 2744 εαυτοῦ
726 2672 873 2748 sionim.
922 2682 1066 2760 Namque
1087 2669 1168 2741 nihil

4 2831 6 2836 ι
50 2787 143 2854 'allud
182 2787 258 2851 dicit
290 2787 472 2864 scholiasta,
507 2807 599 2870 quam
627 2790 867 2871 Aristophanem
901 2789 1035 2872 primurn
1065 2785 1170 2865 ipsunt

57 2893 203 2960 docuisse
230 2896 380 2976 Equites:
407 2895 469 2958 iam
499 2913 572 2958 cum
598 2896 768 2958 viderimus
795 2895 889 2956 etiam
920 2898 1031 2975 postea
1059 2908 1172 2972 saepe-

69 2999 204 3066 numero
227 3017 298 3063 eum
315 3001 471 3064 calistrati
484 3007 516 3064 ct
532 3001 706 3063 Philonidis
721 3008 816 3082 opera
836 3000 868 3062 iu
888 2998 992 3062 choris
1013 2995 1167 3087 donandis

62 3123 155 3171 naum
178 3125 263 3182 ease,
284 3107 372 3192 [nihil
393 3107 455 3171 hoc
475 3112 595 3189 spectat
616 3106 657 3169 ad
674 3103 796 3169 Nubes.
845 3107 887 3168 dt
915 3123 1017 3166 meam
1040 3105 1170 3180 senten·

56 3212 130 3277 tiam
158 3231 287 3296 prorsus
314 3211 454 3277 reiutare
488 3213 612 3276 videtur
645 3211 813 3276 scholiasta
841 3209 960 3277 Victor.
987 3209 1028 3273 ad
1055 3209 1160 3273 Nubh.

45 3325 85 3383 ἰ.
105 3319 192 3382 5⁰22
221 3313 364 3400 Ἐπιβάς
385 3317 422 3382 δὲ
442 3313 507 3397 ἤδη
524 3315 590 3381 τοῦ
611 3311 637 3380 λ’
654 3312 754 3393 ιἔτους
774 3314 833 3381 καὶ
853 3311 953 3378 τοῦτο
975 3311 1018 3393 δὴ
1035 3309 1074 3376 τὸ
1095 3309 1164 3376 τῶν

57 3419 220 3507 Νεφελῶν
242 3419 385 3502 ποιήσας
407 3419 460 3487 δι’
482 3420 602 3487 ἑαυτοῦ
622 3418 771 3488 διδάσκει
796 3421 853 3487 καὶ
877 3412 968 3484 αἰτεῖ
985 3413 1077 3506 παρὰ
1097 3411 1167 3482 τοῖν

36 3525 195 3596 ,θεατῶν
223 3522 249 3591 ά
274 3520 329 3594 δεῖ
352 3528 513 3612 γενέσθαι
540 3526 645 3616 αὐτῷ,
678 3523 753 3607 ἤτοι
774 3525 813 3592 τὸ
842 3525 978 3605 νικῆσαι
1006 3523 1052 3614 τῷ
1080 3519 1167 3610 δράε

59 3625 172 3717 ματιῗ
202 3628 246 3701 hi
273 3644 383 3702 auctor
414 3638 498 3702 illius
530 3637 641 3700 scholii
665 3637 761 3720 longe
789 3629 1040 3718 impolitissimus
1062 3632 1170 3710 homo,

60 3741 113 3820 qul
139 3741 245 3822 legem
265 3743 364 3807 illam¹
380 3744 628 3807 commenticiam
645 3743 695 3805 de
724 3748 886 3824 poetarum
917 3746 1021 3804 aetate
1052 3737 1170 3800 descri-
1184 3759 1197 3774 ·

58 3845 167 3909 hendo·
185 3855 307 3931 crepet,
337 3851 390 3931 qui
412 3850 537 3914 recitari
559 3847 681 3912 ishulas
702 3835 802 3925 dicat}
830 3847 884 3928 qui
899 3847 989 3910 ¹nibil
1015 3843 1169 3906 audiverit

56 3949 97 4014 de
119 3951 260 4016 Nubium·
280 3955 378 4019 altera
398 3955 583 4020 recensione
604 3955 754 4035 (nomque
775 3955 869 4028 hauc,
890 3969 984 4032 quarn
1005 3949 1169 4040 tractabat,
1216 4025 1217 4028 Ἴ

54 4057 157 4140 lpsam
185 4059 271 4123 illam
298 4061 458 4142 antiquam
487 4061 625 4124 tabulam
639 4059 839 4129 „existimavit
868 4075 927 4120 nec
956 4052 1097 4116 oileusus
1119 4057 1169 4126 est

12 4195 14 4198 ·
58 4165 240 4248 parabarii·
256 4167 419 4250 multaque
452 4171 617 4248 praeterea
646 4165 707 4230 alia
738 4168 859 4227 temere
891 4160 1084 4226 commentus
1115 4160 1169 4237 att,

599 4317 601 4324 ,
948 4266 970 4329 d
