2716 4664
616 263 674 368 ss

77 435 305 528 εγηᾳίσμοτος
332 436 396 525 γὰρ
422 437 612 525 γενομένου
622 434 818 528 γοργγικοῦ,
840 431 933 506 'darc
950 442 1001 527 μὴ
1023 439 1192 536 κωμῳδεῖν

73 544 159 612 τινὰ
180 547 239 612 καὶ
261 543 329 611 τῶν
346 544 504 634 χορηγῶν
518 541 627 611 οὐκέτ’
650 540 855 632 ἀπεχόντων
875 545 957 636 πρὸς
978 547 1018 616 τὸ
1036 557 1191 641 χορηγεῖν

77 654 136 718 καὶ
165 647 384 718 παντάπασιν
411 648 636 729 ἐκλελοιπυίας
664 651 723 731 τῆς
750 642 830 732 ὕλης
859 653 926 718 τῶν
946 657 1113 747 κωμῳδεῖν
1133 659 1191 727 διὰ

78 754 210 822 τούτων
238 754 366 839 αὐτῶν,
401 757 512 822 οἴκεον
537 754 601 844 γὰρ
630 755 806 847 κωμῳδίας
832 759 871 824 τὸ
899 756 1061 826 σκώπτειν
1082 755 1191 859 κενάς,
1307 745 1317 788 ”

75 863 209 952 ἔγραψε
231 861 417 944 Κώκαλον,
446 864 482 928 ἐν
503 853 529 953 ᾧ
550 858 672 948 εἰσάγει
693 863 912 961 φθορὰνκοκὶ
934 863 1191 955 ἅναγνωρισμὸν
1278 931 1281 938 ,

83 975 142 1038 καὶ
165 967 272 1036 τᾶλλα
294 967 404 1034 πάντα
426 965 453 1034 o‘l
471 967 607 1050 ἐζήλωσε
632 970 840 1059 Μένανδρος.
883 978 925 1051 At
938 975 1118 1040 Dinddrliur
1138 999 1190 1042 er·

78 1089 150 1158 rat,
182 1081 234 1161 qui
262 1081 350 1162 indes
366 1080 535 1152 coniecerit
557 1075 794 1146 Aeolosicouem
815 1082 952 1163 priorem
973 1095 1043 1144 esse
1065 1084 1191 1162 corato,
1325 1074 1328 1078 ’

79 1189 250 1251 arbitratus
271 1187 327 1249 ille
349 1187 485 1266 quidem,
506 1188 689 1264 obsidetur,
706 1177 944 1252 Aeolosiconem
964 1189 1048 1250 inter
1068 1189 1190 1254 mediae

80 1293 266 1356 comoediae
287 1291 411 1354 fabulas
433 1291 634 1356 referendum
665 1311 751 1369 esse,
773 1294 922 1356 Cocalum
945 1299 1050 1357 autem
1072 1295 1112 1356 ad
1133 1287 1189 1360 nos
1289 1319 1297 1326 ·

78 1419 154 1464 ram
182 1397 375 1462 comoediam
403 1399 576 1479 pertinere,
612 1399 695 1478 qood
730 1399 802 1461 lieri
829 1401 917 1463 nullo
946 1407 1037 1481 pacto
1065 1408 1189 1483 poterit
1243 1403 1248 1424 “

81 1505 199 1569 eodem
221 1505 304 1566 enim
324 1505 397 1566 iure
419 1505 512 1567 etiarn
524 1505 642 1568 crstini
655 1505 787 1586 Ulysser
805 1511 876 1586 port
888 1506 1190 1587 Peloponnesiacum

5 1613 10 1616 ’
77 1612 201 1675 bellum
226 1610 360 1673 relicere
387 1610 510 1674 liceret.
559 1612 608 1672 bix
634 1609 689 1685 lis,
711 1626 791 1689 quae
813 1611 1005 1691 grammatici
1033 1610 1083 1673 illi
1103 1631 1190 1690 vers,

80 1717 226 1797 quamvis
248 1735 357 1797 parum
379 1716 516 1779 dilucide
543 1715 798 1797 disputaverunt,
824 1715 917 1778 deri
937 1721 969 1778 et
990 1722 1099 1779 natura
1119 1717 1190 1781 illa·
1275 1703 1277 1706 ⁵

78 1841 154 1885 rom
183 1805 381 1900 fabularum,
407 1801 469 1886 non
498 1821 573 1883 item
600 1822 640 1883 de
662 1819 811 1902 'tempora
839 1822 1048 1885 coniecturam
1076 1831 1190 1907 cepero

79 1929 258 2012 possumus.
311 1929 353 1991 lit
373 1933 507 2008 utraque
529 1927 655 2008 quidem
677 1926 785 1990 fabula
807 1931 840 1989 et
860 1929 1103 1992 Aecloriconet
1126 1925 1200 1994 (lot
1258 1963 1269 1973 -

81 2036 170 2098 caius
198 2033 320 2096 mediae
351 2033 533 2096 comoediae
562 2024 775 2097 recensendae
801 2034 927 2096 omnino
954 2041 1043 2111 sont,
1071 2036 1128 2098 sed
1150 2031 1189 2100 eo

82 2139 255 2215 differunt,
268 2141 351 2220 quod
363 2140 548 2202 Aeoloricon
565 2140 691 2220 quidem
712 2157 841 2220 prorsus
862 2141 985 2203 mediae
1008 2142 1190 2205 comoedica

84 2247 225 2328 speciem
246 2243 473 2328 praesefert,
496 2245 640 2320 Cocalus,
663 2245 722 2307 etsi
743 2244 819 2306 bulo
840 2261 965 2326 quoque
987 2245 1113 2308 fabulae
1134 2265 1190 2310 an·

83 2351 172 2432 siquo
198 2349 281 2413 lama
308 2351 433 2427 subest,
462 2355 546 2412 totus
576 2355 680 2411 tamen
707 2350 740 2412 in
766 2349 894 2430 privatio
912 2337 1189 2432 -rebus'vsrsstur,

84 2459 191 2538 itaquo
211 2461 298 2520 recle
321 2475 391 2526 cunr
414 2453 579 2518 Menandri
609 2461 666 2516 aut
686 2455 879 2537 Philemonis
906 2441 1076 2520 comoediis
1104 2475 1195 2544 com·-

67 2563 161 2644 ¹poni
181 2562 291 2644 potuit.
323 2565 364 2625 At
385 2562 518 2642 aliquam
540 2567 643 2624 tamen
666 2562 876 2626 coniecturam
898 2559 1003 2638 iacere
1025 2581 1190 2646 possumus

85 2670 125 2732 tle
147 2675 303 2750 tempore,
332 2685 393 2748 quo
415 2667 476 2729 hae
498 2667 678 2730 comoediae
700 2675 787 2730 actae
814 2667 896 2730 slot:
925 2674 1045 2730 constat
1072 2675 1190 2733 utram·

81 2773 306 2856 ¹que‘iabulom
327 2775 365 2835 ab
377 2773 585 2854 Aristophane
606 2791 683 2835 sene
707 2758 910 2854 compositam
932 2783 1003 2835 esse
1024 2765 1190 2855 postquam

84 2882 213 2943 Plutum
226 2879 255 2942 ll
270 2879 385 2942 ‘docuit
405 2879 437 2942 b.
448 2898 476 2942 e.
500 2886 571 2960 post
593 2877 846 2960 OlymeGVll
867 2879 898 2956 4.
933 2867 997 2939 lam
1020 2886 1094 2940 vero
1117 2879 1188 2942 soi-

85 2987 140 3050 dss
170 3005 199 3050 v.
222 2977 380 3067 Ἀραρώς
405 2983 500 3046 tradit
526 2987 612 3046 bunc
637 2991 761 3066 poetam
781 2985 918 3064 primum
939 2984 1063 3064 olymp.
1085 2984 1190 3048 ctctn

84 3099 243 3156 certamen
266 3091 482 3165 descendisse,
505 3092 587 3170 quod
609 3091 786 3152 Meineltius
808 3087 871 3150 vol.
893 3089 907 3149 l
928 3108 959 3168 p.
982 3087 1046 3148 343
1075 3089 1114 3150 ad
1136 3107 1189 3154 eas

83 3197 185 3260 refert
205 3197 349 3274 fabulas,
375 3215 451 3278 quas
471 3196 540 3276 ipso
562 3198 690 3259 drosos
704 3195 888 3271 elaborarit,
917 3213 980 3258 non
996 3193 1188 3258 ¹abdristo·
1275 3203 1277 3205 ’

85 3307 187 3388 pbanc
208 3310 297 3386 patre
319 3304 455 3383 accepii3
478 3319 580 3382 ncqoe
603 3302 684 3364 enim
702 3297 870 3364 verisimile
891 3305 939 3364 est
950 3301 1190 3382 Aristophanem

84 3411 217 3472 multum
238 3409 320 3471 ultra
341 3408 508 3490 Olympi)
529 3409 623 3470 vitam
645 3407 833 3488 extendisse,
855 3408 981 3470 omnino
1003 3413 1108 3470 autem
1129 3409 1189 3473 im·
1210 3435 1217 3448 -

84 3514 256 3595 probabile,
278 3520 403 3594 poctsm
425 3517 588 3594 postquam
610 3513 747 3596 sedecim
763 3505 956 3576 'i'ereannos‘
977 3514 1187 3592 conticuisset,

83 3621 232 3683 continuo
255 3622 336 3683 circa
358 3620 482 3701 Olymp.
503 3619 547 3680 cl
577 3618 655 3680 duas
682 3619 858 3682 comoedica
891 3607 1051 3700 scripsisse
1073 3639 1189 3701 easque

84 3727 148 3788 iilic
171 3721 379 3789 commisisses
408 3725 469 3788 boc
496 3713 599 3808 igitur·
620 3729 740 3787 certum
758 3743 834 3789 erse
856 3724 1008 3801 ridetur,
1022 3731 1188 3805 utramque

85 3830 223 3894 fabulam
244 3839 317 3894 anta
340 3830 463 3914 Olymp.
485 3831 527 3894 ci
548 3819 674 3894 doctam
697 3851 779 3909 esse,
800 3819 943 3914 priorem
958 3835 1063 3893 autem
1083 3830 1188 3894 locum
1220 3897 1222 3904 ,

85 3935 431 4015 (locslb,·²Aeolosiconi
444 3915 659 4025 ‘posteriorem
681 3938 916 4002 concedendum
938 3927 1188 4015 essendonisin

83 4042 163 4107 nibil
186 4043 258 4122 est,-
277 4045 362 4126 quod
384 4046 585 4126 grammatico
603 4045 652 4107 illl
674 4043 770 4108 iidem
792 4043 988 4138 abrogemus.
1038 4029 1189 4104 cerensi

24 4167 30 4174 ’
83 4145 248 4216 nrsroten
268 4151 367 4234 patris
393 4151 584 4214 comoediis*
600 4149 952 4216 exhibuissc⁵niemorat
978 4143 1071 4212 tilam
1092 4144 1189 4212 scios*
