2716 4664
683 267 740 331 48

155 439 257 523 primo
278 439 348 502 iooo
370 437 537 521 leguntur:
565 440 678 504 ieviter
708 438 876 521 depravata
902 436 948 498 sio
969 435 1155 531 corrigenda
1176 442 1266 500 sunt:

157 537 364 630 Διήχθρενσε
392 537 432 604 δ’
450 537 546 632 ἀὐτῷ
567 538 586 606 ὁ
610 535 878 628 Ἀριστοφάνης,
908 533 1021 616 ἐπειδὴ
1054 537 1161 619 ξενίας
1189 537 1265 618 κατ’Υ

158 643 265 714 αὐτοῦ
293 643 428 734 γραφὴν
461 641 603 726 ἔθετο,
636 638 706 712 ὅτι
737 645 773 711 ἐν
798 640 946 732 δράματι
978 638 1083 708 αὐτοῦ
1102 645 1267 728 Βαβυλω-

158 751 242 831 νίοις
272 752 404 836 διέβαλε
429 753 498 818 κτλ.
528 798 529 802 =
554 757 626 820 Hor
655 758 738 819 enim
766 757 857 833 dicit,
885 773 980 837 aegre
1009 755 1118 818 tulisse
1146 756 1267 820 Aristo-

111 943 112 946 *
157 865 311 948 pharam,
343 863 427 942 quod
455 864 642 944 peregrinae
671 862 800 944 originis
830 863 948 924 crimen
978 862 1078 932 Cleon
1106 861 1138 924 in
1165 861 1268 943 ipsum

159 969 349 1044 coniecerit,
372 968 425 1048 qui
450 969 577 1048 quidem
599 969 813 1030 suerensuerit
835 967 1034 1048 Aristophani
1057 953 1270 1048 propter'Ba-

160 1076 329 1158 hpionios:
361 1079 394 1134 et
415 1079 482 1136 tum
503 1073 637 1150 indicat,
665 1093 726 1155 qno
752 1074 821 1135 iure
842 1073 1066 1154 Aristophanes
1086 1072 1271 1153 peregrinus

159 1180 301 1264 potuerit
339 1179 450 1241 videri.
508 1180 704 1242 conveniunt
732 1179 829 1260 igitur
860 1179 940 1240 haee
969 1179 1095 1239 omnino
1123 1195 1193 1238 eum
1218 1177 1270 1255 iis,
1338 1211 1343 1220 =

161 1303 243 1369 quae
274 1285 343 1364 ipse
363 1289 459 1363 poeta
490 1285 620 1363 eiusque
641 1283 829 1364 interpretes
857 1284 897 1345 de
917 1283 978 1344 hae
998 1301 1035 1344 re
1053 1282 1270 1362 prodiderunt,

159 1391 221 1456 nisi
236 1389 326 1476 ⁶qood
355 1387 408 1448 hio
441 1389 662 1470 grammaticus
690 1388 829 1450 breviter
850 1387 1016 1466 minusque
1038 1393 1182 1450 aooorate
1202 1407 1271 1451 rem

100 1517 103 1520 ·
160 1495 309 1578 exponit,
329 1494 436 1574 itaque
457 1495 588 1575 primam
609 1507 750 1570 oausam,
772 1511 905 1575 eamque
927 1493 1154 1574 gravissimam,
1177 1513 1271 1576 quam

19 1657 21 1664 ,
121 1601 124 1606 ’
161 1604 262 1667 (ileon
290 1593 492 1681 Aristophani
529 1600 663 1663 intendit
691 1604 877 1680 propterea,
911 1599 996 1680 quod
1024 1600 1144 1680 populo
1173 1601 1270 1662 maie-

162 1707 301 1780 dixisset,
323 1725 451 1786 prorsus
473 1706 692 1791 praetermisit.
737 1705 859 1769 Deinde
880 1705 1003 1787 pergite
1023 1695 1272 1782 Ἀπολνθῆναι

162 1807 198 1872 dd
220 1803 323 1870 αὐτὸν
345 1799 483 1872 εἰπόντα
506 1804 646 1886 ἀστείως
667 1807 701 1871 ἐκ
722 1806 783 1872 τοῦ
801 1803 955 1893 Ὀμήρου·
972 1807 1094 1871 ταῦτα·
1199 1843 1201 1850 1

248 1908 375 1996 Μήτηρ
394 1912 456 1996 μέν
477 1906 509 1974 τ’
533 1911 590 1996 ἐμὲ
612 1933 697 1997 φησι
711 1910 780 1976 ’τοῦ
797 1909 958 1998 ἔμμεναι·
980 1909 1088 2000 αὐτὰρ
1109 1909 1208 1996 ἔγωγε
1265 1943 1267 1954 2

247 2012 309 2082 οὐκ
330 2007 385 2080 οἶδ
391 2013 417 2056 ’·
439 2011 478 2080 οὗ
500 2013 564 2104 γὰρ
585 2013 634 2082 rrw'
658 2039 707 2094 τις
727 2014 783 2081 ἑὸν
799 2013 901 2100 γόνον
920 2013 1021 2093 αὐτὸς
1043 2014 1176 2099 ἀνέγνω.
1265 2055 1266 2060 1

162 2127 275 2195 Fidem
304 2127 355 2190 his
382 2125 574 2204 ahiadleant,
610 2133 643 2190 et
670 2129 749 2193 haee
777 2127 881 2192 omnia
907 2115 1117 2208 Aristophane
1143 2127 1273 2210 indigna

162 2236 354 2300 emsomantz
383 2232 461 2296 mihi
480 2251 556 2300 vero
579 2251 670 2296 serus
686 2234 833 2296 videtur:
856 2253 990 2315 namque
1012 2234 1144 2298 Athenis
1165 2235 1198 2298 in
1220 2236 1271 2298 id-

164 2343 255 2406 dioiis
276 2341 374 2403 multa
403 2357 498 2421 saepe
525 2339 658 2404 ridicula
686 2339 928 2422 proferebantur
950 2341 990 2402 ad
1010 2341 1148 2403 iudicum
1169 2341 1273 2422 gravi-

136 2521 140 2538 ἱ
163 2453 262 2516 tatem
283 2444 503 2523 molliendam,
532 2447 722 2528 minimeque
750 2447 898 2508 abhorret
920 2448 958 2508 ab
980 2447 1196 2528 Aristophanis
1219 2466 1273 2509 oo·

136 2539 140 2580 ¹
164 2553 238 2616 miei
260 2559 374 2634 poetae
396 2551 533 2632 ingenio,
556 2557 683 2633 praeter
704 2551 764 2613 alia
786 2551 879 2615 etiam
901 2553 1054 2616 eiusmodi
1076 2537 1208 2616 dicterio
1225 2555 1274 2616 uti

140 2643 142 2666 ³
163 2658 197 2721 Ιιι
215 2675 309 2720 orosa
320 2657 465 2738 proferto
477 2642 538 2720 non
557 2679 632 2722 sane
648 2658 754 2739 gravit
775 2657 837 2720 diei
858 2665 963 2721 antem
985 2651 1274 2741 vixpotert‘qoam

164 2765 230 2828 late
251 2782 327 2826 usus
348 2761 388 2825 'st
409 2765 578 2825 auotoritas
599 2765 840 2827 Homerioorum
867 2766 1038 2829 carminum
1066 2765 1149 2846 apud
1171 2762 1272 2828 (irae-

165 2890 219 2934 oos
241 2871 396 2954 patuerltr
426 2870 612 2934 documento
636 2878 708 2936 sunt
730 2872 781 2934 vel
802 2871 848 2932 illi
871 2873 1054 2954 scriptores,
1090 2872 1143 2952 qui
1171 2871 1272 2934 alaro-

163 2995 236 3040 rum
255 2977 394 3039 virorum
426 2977 508 3040 diota
540 2981 710 3042 memoriae
737 2979 972 3064 mandaverunt.
1023 2977 1165 3062 Denique
1193 2976 1298 3066 haeo¹

164 3082 270 3148 addite
299 3075 458 3166 Δεύτερον
487 3079 527 3162 δὲἸ
542 3083 599 3145 καὶ
621 3080 733 3169 τρίτον
754 3079 1026 3168 σνκοφαντηθεὶς
1046 3074 1194 3166 α’πέφνγε
1215 3081 1274 3144 καὶ

165 3177 253 3250 οὕτω
276 3187 426 3270 φανερῶς
445 3189 676 3268 κατασταθεὶς
694 3187 830 3268 πολίτης
848 3182 1067 3274 κατεκράτησε
1090 3184 1150 3250 τοῦ
1162 3183 1273 3250 Κλέα·

164 3310 241 3371 νος·
253 3282 351 3368 Ιὅθεν
372 3288 494 3372 φησίν·
731 3300 735 3312 ”

333 3390 502 3471 Αὐτός·τ’
522 3395 668 3480 ἐμαυτὸν
687 3391 752 3460 ὑπὸ
776 3395 928 3473 Κλέωνος
948 3386 1090 3461 ἅπαθον

335 3499 520 3587 ἐπίσταμαι
543 3501 664 3582 δήκαὶ
685 3500 728 3566 τὰ
749 3499 831 3583 ἑξῆς.

103 3673 110 3679 ,
167 3611 258 3694 Quod
286 3611 361 3674 dioit
388 3615 513 3676 tertium
537 3633 661 3696 quoque
688 3616 720 3676 in
750 3615 799 3677 ius
829 3618 972 3676 voertam
1001 3631 1071 3675 esse
1092 3613 1276 3694 Aristopha÷

56 3780 58 3783 ,
166 3739 249 3795 nem,
273 3719 351 3780 dixit
374 3721 490 3800 ahquid
505 3721 578 3798 veri,
601 3722 659 3784 sed
681 3721 765 3802 quod
786 3722 983 3801 hocquoquo
1004 3719 1105 3781 refert
1126 3720 1166 3780 ad
1187 3721 1275 3784 iiiam

168 3825 209 3888 de
229 3826 356 3887 civitate
377 3831 490 3907 poetae
510 3831 737 3908 quaestionem,
760 3835 792 3890 et
815 3828 927 3889 eodem
942 3827 1035 3888 etiam
1051 3827 1144 3890 modo
1156 3827 1277 3890 Achar-

167 3933 311 3995 nensium
333 3923 411 3994 istos
433 3953 542 3997 versus
563 3937 805 4016 interpretatur,
828 3934 859 3995 in
883 3952 921 3994 eo
945 3938 1047 3994 errata
1070 3951 1203 4012 namque
1225 3932 1280 3996 illo

136 4061 140 4065 ¹
170 4039 260 4101 loeus
282 4047 403 4121 spectat
426 4042 555 4121 primam
576 4042 682 4116 litem,
706 4059 797 4122 quam
819 4040 897 4102 Cleo
919 4047 1033 4122 poetae
1054 4040 1206 4114 intendit,
1228 4047 1280 4101 sess

169 4145 269 4208 ounda
291 4152 394 4211 autem
417 4155 510 4212 eausa
532 4147 593 4210 init
616 4147 655 4211 de
677 4147 844 4232 peregriua
865 4148 998 4230 origine,
1014 4129 1073 4212 'at
1095 4159 1156 4208 non
1180 4144 1280 4248 aonii·-
