2716 4664
725 247 767 310 42

199 417 435 508 Aristophanem
464 421 603 478 ooootum
632 435 716 492 esse,
744 423 780 478 nt
807 414 912 478 dromo
941 413 1087 479 doceret.
1117 428 1148 484 at
1171 441 1211 486 ne
1235 423 1295 488 hoo

75 533 83 552 ¹
199 523 323 605 quidem
345 522 525 584 testimonio
549 523 652 602 aliquo
674 521 791 584 firmari
813 527 926 601 potest
977 522 1040 584 lom
1069 530 1229 604 quamuis
1239 549 1301 594 non

198 627 372 722 praefracte
396 628 583 710 negaverim,
598 627 835 708 Aristophanem
858 627 1136 694 arrtGeltislratnrn
1156 644 1210 696 aut
1227 635 1301 698 Phl-

53 718 60 728 ’
94 732 97 739 ’
155 777 156 780 ¹
198 733 472 814 1onidemprimus
501 732 687 832 quandoque
714 739 818 812 partes
848 733 887 798 in
909 732 1022 794 tubulis
1044 739 1171 816 agendis
1193 755 1299 802 susee-

118 858 120 861 ·
196 842 291 922 pisse,
314 837 376 902 rron
400 846 502 900 tamen
518 838 604 918 prins
622 838 717 898 iidem
727 839 858 914 habebo
881 857 971 918 quam
994 839 1114 904 idoneis
1137 862 1301 924 argumen-

197 947 237 1010 tis
259 947 424 1028 probatum
447 944 554 1006 inerit.

64 1033 66 1035 ¹
197 1059 202 1090 '-
279 1053 345 1136 lens
369 1037 564 1114 Callistratus
586 1056 618 1110 et
641 1049 830 1116 Philonides
854 1049 999 1128 quoniam
1022 1057 1145 1130 poetae,
1168 1073 1229 1117 non
1251 1056 1299 1118 hi·

165 1203 167 1211 ι
195 1159 336 1221 striones
351 1163 456 1234 erant,
489 1155 583 1217 facile
606 1155 901 1236 Aristophanearum
922 1153 1113 1233 fabularum,
1145 1178 1222 1238 quos
1244 1163 1299 1224 doo-

127 1277 133 1284 ’“
195 1243 317 1339 debant,
338 1267 482 1346 poterant
503 1266 645 1322 ouotores
667 1260 787 1322 haberi.
815 1263 856 1324 At
877 1277 915 1321 ex
938 1261 976 1322 iis
998 1261 1185 1342 loeis,·qnos
1206 1286 1300 1348 supra

166 1369 453 1450 inexaminavimus,
486 1367 561 1428 satis
589 1384 747 1446 superque
777 1374 905 1446 apponet
927 1366 1178 1448 Aristophanem,
1212 1382 1296 1452 posta

132 1473 133 1476 ’
168 1471 286 1556 quam
324 1474 454 1554 Equites
481 1473 567 1553 ipse·
595 1472 723 1545 docuit,
767 1471 859 1532 etism
900 1491 1006 1534 eorum
1033 1467 1295 1554 .oornoediarurn,

195 1581 359 1663 quasellis
380 1578 713 1654 doeendusnrandovit,
736 1577 828 1658 luigo
851 1570 1009 1664 auctorem
1032 1581 1184 1644 oreditnm
1206 1603 1298 1646 essee
1332 1596 1333 1599 ’

145 1769 146 1772 ¹
193 1696 326 1769 namque
347 1671 442 1765 saepe
463 1685 503 1748 de
525 1705 561 1746 se
582 1686 650 1765 ipse
671 1685 713 1744 ita
735 1683 891 1764 loquitur,
924 1691 958 1746 ut
987 1687 1297 1752 nulinsduhitotioni

193 1793 386 1872 relinquetur
407 1792 504 1853 loeus.
532 1791 608 1852 'Sto
627 1791 658 1852 in
682 1791 822 1869 parahasi
845 1793 1036 1870 Vesperurn,
1050 1790 1149 1871 'qnam
1173 1813 1296 1858 comoe-

193 1898 276 1962 diam
307 1896 487 1958 Philonides
516 1896 638 1970 docuit,
669 1903 763 1976 poete
796 1896 934 1974 loquitur
965 1897 1005 1956 de
1034 1898 1142 1976 primis
1171 1899 1296 1977 fabulis,

193 2021 272 2084 quos
282 1981 478 2063 Callistratus
500 2003 531 2062 in
555 2020 590 2062 se
612 2007 783 2079 receperat,
806 2007 950 2078 torquem
974 2001 1014 2062 de
1036 2004 1178 2081 propriis,
1202 2025 1297 2084 porro

191 2108 318 2189 respicit
346 2107 493 2186 Equites,
524 2107 578 2168 uhi
607 2106 739 2186 primurn
768 2105 837 2183 ipse
861 2123 950 2171 suum
981 2096 1028 2168 est
1050 2107 1212 2186 protessus
1236 2129 1292 2174 no-

62 2268 66 2273 ,
191 2235 274 2292 meu,
296 2213 397 2294 attigit
419 2213 543 2287 Nubes,
566 2229 643 2291 quas
666 2211 823 2271 Philonidi
845 2211 1075 2276 commendatas
1104 2211 1203 2276 inisse
1232 2238 1292 2280 non

191 2322 259 2384 sine
287 2318 513 2407 prohabilitotis
541 2317 647 2398 speeie
673 2316 802 2380 oonieoi.
855 2317 955 2396 ,Quod
979 2317 1004 2378 si
1027 2317 1207 2382 Philonides
1233 2324 1294 2384 Ve-

191 2443 315 2506 sparum
338 2431 446 2490 nuotor
461 2418 679 2504 spectantibus
706 2421 830 2484 habitus
859 2428 959 2500 esset,
986 2423 1132 2503 'proferto
1162 2426 1215 2488 ille
1243 2448 1292 2488 es·

190 2521 261 2592 sent
294 2530 400 2610 plone·
419 2534 620 2608 praepostero
654 2535 686 2590 et
720 2547 885 2608 peruenere
924 2535 956 2590 at
989 2538 1119 2609 apparet
1150 2533 1292 2594 omnihus

167 2615 432 2716 iAthenienslhue
461 2643 567 2698 notum
597 2633 706 2710 inisse,
726 2617 823 2698 'ouius
851 2641 963 2716 poetae
983 2619 1119 2698 lanuino
1144 2637 1291 2700 doeturoa

177 2725 272 2804 'esset
299 2739 490 2808 Philonides.
542 2740 662 2801 itnrsns
688 2740 720 2802 in
745 2740 843 2817 Paoe,
871 2735 963 2820 quarn
984 2741 1120 2806 iohulorn
1145 2743 1214 2824 ipse
1235 2743 1292 2806 do·

146 2863 147 2866 ’
189 2847 253 2909 enit
274 2845 514 2927 Aristophanes,
537 2845 577 2906 de
598 2863 652 2906 sna
674 2847 760 2926 poesi
782 2847 884 2926 deque
905 2847 1035 2908 seruulis
1059 2847 1159 2928 poetis
1182 2848 1291 2910 eadem

188 2971 317 3034 prorsus
339 2951 424 3028 dieii,
446 2951 494 3014 vix
517 2949 656 3031 pauculis
678 2951 787 3012 verbis·
803 2952 989 3026 immutatis,
1018 2953 1097 3030 qnae
1118 2952 1149 3012 in
1173 2941 1296 3034 Vespe-¹

188 3076 257 3120 rum
278 3058 418 3140 parabasi
440 3057 604 3140 leguntur,
636 3075 717 3138 quae
744 3057 868 3138 quidem
900 3057 1005 3118 tabula
1033 3056 1206 3118 Philonidis
1228 3073 1291 3121 no·

188 3183 260 3226 men
283 3184 360 3244 pree
382 3183 417 3225 se
438 3165 524 3224 tulit:
553 3163 666 3224 deinde
697 3164 787 3240 dioit,
819 3164 893 3242 quid
914 3163 944 3228 iu
964 3162 1203 3230 ¹llnetoiensihus
1224 3164 1290 3226 sive

186 3259 367 3349 Babyloniis
388 3269 590 3348 spectauerit,
605 3285 790 3346 quamquem
807 3267 864 3330 has
886 3269 1008 3334 lahnlos
1018 3269 1212 3332 Callistratus
1233 3269 1290 3333 do-

187 3374 262 3436 onit.
284 3375 412 3434 Cortum
433 3372 607 3451 igiturest,
629 3371 877 3452 Aristophanem,
898 3381 1062 3454 postquam
1079 3374 1211 3455 Equites
1232 3377 1288 3440 do·
1336 3454 1340 3461 ¹

149 3427 154 3506 ς
186 3478 321 3554 ouissot,
343 3476 464 3538 etiamsi
485 3475 588 3537 alieno
610 3477 733 3540 nomine
755 3483 912 3555 uteretur,
941 3479 1233 3550 neodissiarutrsse
1253 3495 1297 3548 se·

147 3575 148 3578 '
186 3601 245 3646 nee
266 3570 604 3663 latulooespeotontes.

267 3692 310 3756 At
329 3688 408 3750 illud
428 3689 596 3769 quaeritur,
618 3705 698 3768 qnae
718 3689 797 3751 rollo
819 3689 861 3752 sit
881 3709 987 3768 earum
1003 3688 1189 3769 fabularum,
1211 3679 1299 3774 quas?

183 3797 256 3856 ente
277 3795 410 3876 Equites
430 3796 559 3878 scripsit
581 3793 821 3874 Aristophanes:
851 3803 883 3856 et
911 3796 991 3856 iliud
1018 3796 1143 3875 quidem
1165 3817 1204 3860 ex
1223 3801 1286 3864 itin

182 3898 279 3976 loeis,
314 3919 396 3980 quos
418 3901 544 3981 saepius
569 3901 631 3962 isan
659 3898 737 3974 dixi,
763 3900 1036 3980 einoet,÷poetam
1060 3897 1284 3984 prinestino

181 4007 375 4085 comoedias,
398 4006 614 4078 lioetalenses,
635 4003 834 4082 Babylonius,
851 4004 1073 4070 tharnenses
1095 4007 1203 4089 posteo
1225 4011 1295 4074 pipp.

180 4108 373 4186 munisse:
402 4111 458 4176 sed
486 4110 563 4188 iilud
587 4106 734 4183 dubium,
760 4113 823 4196 qd'd
837 4116 990 4194 ,tempore
1012 4112 1204 4190 innotuerit,
1225 4114 1296 4180 hoo
