2716 4664
603 285 645 350 so

63 463 131 528 nuit
150 480 189 525 se
207 458 309 542 Cleo,
337 454 394 520 sed
421 455 513 518 allam
536 465 644 538 postea
665 455 835 520 insectatus
856 462 904 520 est
925 451 1185 536 Aristophanem

63 585 217 652 quorsum
240 567 359 645 spectat
379 563 434 626 ille
456 564 544 624 locus
569 563 739 652 vesparum
762 561 835 624 lnde
858 583 875 624 a
897 583 925 626 v.
950 563 1048 626 leel:

198 659 277 732 Εἰσί
297 686 391 745 τινες,
415 658 451 728 o‘t'
469 660 510 750 μ’
525 660 644 746 ’ἔλεγον
664 660 708 740 οἷς
729 661 1006 746 καταδιηλλάγην,

193 769 295 852 ἡνίκα
318 772 434 836 Κλέων
457 765 498 856 μ’
523 765 746 856 ὑπετάραττεν
766 766 992 854 ἐπικείμενος,’·

194 875 263 944 καί,
272 899 313 962 με
334 874 465 952 κακίαις
485 871 609 941 ἔκνισε·
627 861 721 942 κᾶθ’
741 865 793 940 d'r'
817 869 1038 962 ἀπεδειρόμην

194 981 312 1059 οὑκτὸς
332 982 450 1062 ἐγέλων
471 983 556 1066 μέγα
575 977 757 1067 κεκραγότα
778 976 965 1064 θεώμενοι,

195 1085 293 1156 οὐδὲν
314 1083 369 1176 ἄρ’
394 1085 476 1173 ἐμοῦ
495 1088 605 1172 μέλον,
627 1079 709 1153 ὅσον
731 1086 766 1152 δὲ
787 1083 893 1172 μόνον
913 1081 1046 1169 εἰδέναι,

74 1223 92 1234 ··
196 1190 410 1280 σκωμμάτιον
430 1193 538 1258 εἴποτέ
559 1215 592 1258 τι
613 1189 816 1278 θλιβόμενος
837 1192 976 1276 ἐκβαλῶ.

198 1301 307 1366 ταῦτα
327 1297 472 1367 κατιδών
490 1295 555 1364 ὑπό
577 1322 610 1366 τι
630 1299 748 1388 μικρὸν
768 1295 963 1379 ἐπιθήκισα.

197 1395 269 1473 εἶτα
290 1408 351 1472 νῦν
370 1403 609 1488 ἐξηπάτησενὴ
630 1403 737 1493 χάραξ
758 1404 820 1486 τὴν
840 1401 999 1490 ἄμπελον.
1069 1419 1070 1422 ’
1129 1425 1130 1430 ’

65 1519 143 1584 Νοο
171 1524 301 1600 possunt
327 1518 406 1580 haec
431 1517 545 1581 reterri
571 1517 610 1580 ad
637 1517 716 1580 illud
748 1524 889 1597 tempus,
924 1517 1008 1595 quod
1035 1520 1176 1598 proxime

65 1625 259 1707 Babylonios
288 1625 464 1687 insecutum
495 1627 562 1686 est:
589 1643 660 1685 uam
687 1627 764 1684 tuuc
792 1621 878 1683 nullo
901 1627 992 1702 pacto
1021 1624 1176 1689 elumodi

66 1749 178 1793 mmor
206 1731 339 1792 existere
358 1729 485 1810 potuit,
515 1727 753 1810 Aristophanem
791 1744 862 1790 cura
893 1727 1013 1793 claone
1042 1730 1075 1794 lu
1103 1749 1175 1814 gra-¹

69 1838 148 1900 tiam
169 1837 318 1900 rediisse:
340 1836 426 1898 huuc
447 1835 530 1909 enim
551 1853 709 1897 rumorem
731 1833 782 1896 vel
796 1835 932 1918 Equites
954 1843 1097 1902 evertere
1118 1839 1175 1902 de·
1289 1833 1293 1850 ¹

67 1943 205 2006 bebantr
226 1961 334 2004 verum
356 1941 536 2004 necessario*
554 1941 722 2005 referenda
743 1941 822 2022 haec
837 1947 910 2004 sunt
931 1942 971 2004 ad
995 1943 1074 2008 illud
1095 1949 1176 2011 tem-

68 2033 142 2132 pus,
164 2047 378 2130 qaodVespas
399 2049 539 2129 proxime
561 2048 747 2130 praecessita
776 2054 905 2130 apparet
925 2049 1116 2130 igitursatis
1137 2053 1177 2115 li·.

71 2154 169 2237 quido
191 2153 311 2217 exshoc
331 2154 413 2230 loco,
436 2153 596 2227 cleonem,
618 2160 782 2235 postquam
796 2155 1022 2237 Aristophanes
1043 2158 1178 2238 Equites

70 2262 196 2338 docuit,
222 2260 317 2324 tertio
346 2263 471 2341 poetam
499 2259 534 2320 in
552 2257 701 2320 iudicium
723 2262 900 2338 vacavisse,
929 2265 1118 2342 pactamque
1143 2263 1178 2328 iu
1213 2305 1216 2340 ι,

70 2365 407 2450 maguumdiscrimen
428 2364 597 2428 adductum
619 2383 700 2429 esse.
735 2368 854 2448 'Atque
883 2367 977 2428 etlam
1003 2368 1031 2430 si
1053 2367 1178 2433 deesset

70 2476 135 2539 hoc
158 2475 388 2548 documentum,
413 2472 497 2553 quod
519 2489 643 2532 omnem
658 2470 882 2535 dubitationem
896 2473 989 2550 tollit,
1010 2493 1073 2538 nou
1094 2481 1179 2539 esset

71 2580 141 2645 veri
161 2581 263 2644 simile
275 2579 425 2642 cleonem
447 2584 509 2640 tam
526 2577 680 2660 patienter
701 2572 810 2641 tulisse
831 2584 947 2664 tautam
968 2581 1180 2662 ignominiam,

71 2691 189 2768 quanta
211 2684 433 2766 Aristophanes
453 2685 555 2766 ipsum
577 2683 741 2747 affecerat:
767 2679 1020 2766 indigne'autem
1042 2686 1180 2752 hicfert

42 2795 46 2802 '
72 2801 180 2876 poeta,
210 2792 293 2871 quod
314 2792 437 2873 probris
466 2811 502 2854 se
524 2789 648 2854 laedant
670 2792 704 2866 ii,
731 2791 785 2870 qai
806 2793 908 2872 ipsum
930 2792 1126 2856 deseruerint
1146 2795 1180 2858 ln

71 2898 202 2974 iudicio,
228 2897 311 2977 quod
333 2896 474 2960 dictitent
495 2897 678 2979 ipsumcum
690 2897 809 2960 (ileone
829 2897 861 2958 ln
885 2898 1014 2978 gratiam
1037 2899 1180 2976 rediisse,

73 3006 129 3086 qui
164 3021 359 3084 nequaquam
393 3005 545 3068 laboranti
581 3003 809 3066 succurrerint:
850 2995 927 3064 uam
951 3003 1035 3082 quod
1064 3005 1181 3084 legitur

65 3131 106 3174 .v.
130 3111 215 3172 laec
235 3091 322 3196 κᾷτα
343 3111 533 3193 indignantis
556 3115 622 3184 est,
650 3126 754 3188 neque
775 3125 850 3170 vero
873 3107 913 3170 ad
933 3113 1064 3190 tempus
1078 3109 1180 3173 refer-

74 3224 140 3293 tur,
162 3217 225 3278 hoo
246 3217 330 3278 euim
346 3217 421 3296 dicit
434 3222 538 3299 poeta,
562 3222 595 3278 ct
616 3222 735 3290 tomen,
757 3233 827 3276 cam
848 3216 884 3278 in
905 3214 1092 3277 discrimine
1111 3235 1181 3280 oer-

74 3343 176 3404 sarcr,
199 3323 228 3384 a·
242 3325 298 3406 qui
311 3323 427 3404 procul
446 3321 628 3406 opericulo
650 3325 753 3398 οτοκλ,
773 3321 932 3398 ridebant,
948 3321 1080 3402 placide
1094 3321 1183 3386 Oloo-

75 3451 149 3492 nem
171 3431 399 3510 vociferantem
419 3431 606 3492 audientes:
633 3425 719 3511 μέγα
739 3421 920 3512 κεκραγότα
947 3431 1122 3492 rectissime
1143 3429 1185 3494 de

77 3537 199 3599 (ileone
225 3536 291 3597 viro
318 3537 460 3618 populari
490 3537 606 3622 dictum
635 3542 700 3611 est,
728 3534 781 3613 qui
807 3533 1032 3596 vociteratione
1060 3541 1092 3598 et
1120 3535 1184 3599 ola·

77 3661 167 3704 more
188 3642 355 3723 plurimum
384 3642 521 3718 valebat,
549 3641 654 3720 itaque
683 3640 756 3702 alibi
784 3639 897 3701 dicitur
923 3639 1041 3702 habere
1069 3633 1185 3724 φωνὴν

77 3741 247 3831 χαράδρας
269 3739 415 3832 ὄλεθρον
434 3739 602 3818 τετοκυίας
623 3751 676 3807 aut
697 3737 871 3826 κεκράκτης
884 3739 1099 3826 Κυκλοβόρου
1111 3763 1184 3826 φω-

80 3853 142 3934 νὴν
162 3851 261 3939 ἔγωυι
285 3857 366 3920 mule
388 3857 481 3938 vulgo
503 3853 541 3917 ad
564 3851 804 3932 Aristophanem
825 3849 978 3913 relerunt.
1027 3851 1092 3912 lam
1113 3849 1184 3912 Ari-

79 3967 248 4048 stophanes
277 3965 370 4041 dicit,
401 3964 475 4038 sihi,
504 3983 574 4024 cum
606 3959 873 4022 animadvertisset
901 3975 1009 4038 parum
1038 3953 1186 4038 praesidii

81 4093 154 4137 csse
179 4074 212 4134 iu
234 4073 361 4153 populo,
389 4069 485 4131 satius
507 4071 606 4132 visum
633 4085 714 4144 esse,
743 4067 858 4129 cedere
880 4060 1007 4126 Cleonis
1027 4061 1186 4143 potentiae

82 4188 114 4242 et
149 4177 340 4259 aliquamdiu
379 4173 526 4240 simulare
568 4167 710 4236 amicam.
769 4175 812 4236 ut
846 4167 989 4254 prolecto
1023 4173 1186 4256 postquam
