2716 4664
676 301 718 370 28

190 469 274 556 ὑμᾶς
296 491 331 533 τε
353 463 457 534 πάλαι
479 460 726 550 διαγιγνώσκων
745 456 909 540 ἐπετεῖονς
930 460 991 544 τὴν
1012 458 1116 550 φύσιν
1137 458 1250 544 ὄντας.

189 578 247 641 καὶ
275 573 352 652 τοὺς
383 573 560 664 προτέρους
587 569 654 636 τῶν
681 569 827 651 ποιητοῖν
840 561 926 654 ’ἅμα
953 567 999 657 τῷ
1019 565 1106 658 γήρᾳ
1135 571 1255 659 προδι-

653 721 655 728 ‹
742 673 874 754 δόντας.
948 727 952 732 .

66 839 69 850 „
147 791 218 852 iioc
240 789 413 852 enimuiicit
431 791 544 870 poeta,
557 787 616 850 sibi
638 806 732 865 nuuc,
754 789 809 852 ubi
830 786 962 870 primum
983 785 1051 868 ipso
1073 789 1179 851 drama
1199 789 1259 851 ‘do‘-

148 901 233 971 ceat,
263 893 416 957 rationem
442 894 636 956 reddendam
658 913 745 972 esec,
779 895 863 975 quod
889 893 922 953 id
944 911 1005 954 non
1027 895 1120 973 prins
1134 895 1258 972 iecerit,

56 1083 59 1090 .
148 1001 206 1064 scd
235 1001 304 1063 aliis
326 1000 449 1062 inbutas
471 999 627 1062 docendas
648 1000 829 1077 tradiderit3
856 999 1040 1082 pracsertim
1072 1019 1141 1062 cum
1168 1003 1258 1064 multi

152 1108 215 1169 iam
237 1108 338 1188 ipsum
361 1106 401 1168 oie
416 1107 474 1168 ino
489 1125 526 1167 re
536 1109 709 1186 percontati
722 1107 794 1170 sint.
823 1104 945 1168 Deinde
967 1121 1086 1183 causas,
1109 1126 1186 1188 qaas
1208 1129 1257 1170 se-

150 1219 241 1276 cutus
263 1214 320 1287 sit,
341 1218 504 1274 recenset:
531 1211 747 1275 difiiciiiimam
769 1231 840 1275 erse
861 1217 961 1274 artem
981 1211 1147 1293 comicum,
1178 1233 1259 1296 quae

148 1319 257 1401 paucis
280 1313 464 1397 quibusdam
485 1319 565 1379 bene
586 1320 791 1398 processerita
822 1337 856 1380 re
884 1317 981 1396 igitur
1009 1323 1101 1382 antea
1123 1321 1259 1401 experiri

149 1424 295 1498 voluisse,
318 1423 392 1503 quid
406 1425 487 1486 vires
499 1423 623 1486 valcant
643 1423 746 1487 ferre:
767 1423 904 1504 denique
920 1439 1062 1504 magnam
1077 1444 1147 1488 csse
1159 1425 1259 1489 Atina-

149 1529 304 1592 niensium
336 1525 495 1592 ievitatem
532 1534 564 1590 et
592 1529 831 1593 inconstantiam
865 1533 898 1594 iu
929 1533 1032 1612 poetis
1065 1531 1258 1594 iudicandis:

72 1663 78 1676 =
150 1653 230 1714 quac
252 1637 377 1718 quanta„
388 1635 550 1715 qualisque
573 1635 614 1698 sit
634 1635 807 1718 Magnetis,
836 1637 971 1713 cratini,
998 1637 1134 1713 Cratetis
1154 1649 1259 1699 exem·

82 1735 83 1739 ’
149 1740 211 1822 piis
238 1739 384 1802 illustrat.
435 1740 545 1820 ltaque
559 1743 665 1824 ¹ipsius
693 1740 797 1822 operis
819 1741 988 1806 difficultas
1014 1750 1047 1806 ct
1073 1742 1259 1811 verecundia

111 1876 112 1880 ¹
150 1841 305 1928 quaedem
327 1853 420 1925 atque
446 1853 566 1923 metus,
594 1865 696 1926 neque
718 1866 793 1909 vcro
816 1846 878 1925 ier,
899 1869 991 1929 quam
1013 1851 1136 1930 tingunt
1164 1848 1258 1910 sciro-

151 1955 262 2018 iiastae
289 1952 353 2028 iiii,
387 1951 627 2033 Aristophanem
655 1943 837 2030 absterruit,
872 1955 1035 2033 quominus
1064 1955 1132 2033 ipse
1166 1971 1265 2016 suum-

151 2043 356 2148 proiitstetur
383 2075 509 2120 nomen.
557 2057 678 2120 Deinde
708 2057 742 2120 in
770 2059 835 2121 tine
856 2059 1015 2140 parabasir
1036 2077 1066 2121 v.
1088 2057 1150 2118 541
1174 2057 1259 2122 aiinti

152 2163 257 2228 addit:
539 2166 541 2170 ’
1131 2183 1133 2188 ·

112 2302 115 2308 ·
152 2281 155 2288 '
197 2259 306 2330 Ταῦτ’
322 2260 476 2351 ὀρρωδῶν
490 2263 652 2351 διέτριβεν
672 2262 724 2330 αἐὶ
744 2265 802 2330 καὶ
822 2262 906 2353 πρὸς
923 2260 1094 2330 τούτοισιν
1114 2259 1260 2351 ἕσασκὲν

193 2372 307 2460 ἐρέτην
331 2369 456 2459 χρῆναι
484 2371 599 2459 πρῶτα
626 2371 808 2458 γενέσθαι,
834 2375 917 2462 πρὶν
945 2368 1120 2458 πηδαλίοις
1140 2369 1260 2458 ἐπιχει·

521 2563 522 2566 ,
740 2499 820 2564 parv,

93 2580 96 2596 '
152 2633 159 2638 .,
189 2571 275 2674 ’κᾷτ’
289 2583 449 2650 ἐντεῦθεν
462 2583 702 2674 πρῳρατεῦσαι,
723 2582 876 2662 καὶτοὺς
895 2579 1036 2670 ἆνὲμονς
1058 2581 1259 2671 διαθρῆσαι,

154 2726 170 2762 s
194 2679 281 2779 κᾷτα
303 2689 465 2779 κυβερνᾶν
487 2687 591 2755 αὐτὸν
612 2689 726 2782 ἑαυτῷ.

152 2802 321 2865 Contendit
342 2803 446 2884 igitur
476 2807 570 2882 poeta
594 2791 775 2882 'prudenter
806 2798 1029 2884 tamaricum
1063 2820 1100 2863 ac
1128 2800 1260 2872 ‹iiiiiciia

153 2919 232 2989 opus
259 2928 330 2971 esse
350 2908 620 2991 ,aggrediendum
656 2927 759 2989 neque
792 2908 896 2971 statim
923 2923 1078 2969 summum
1106 2907 1260 2989 honorem

143 3015 381 3094 'expetendumc
403 3034 495 3095 quam
517 3015 704 3078 sententiam
725 3033 787 3076 uon
807 3013 918 3075 inscite
939 3013 1074 3092 imagine
1095 3012 1198 3092 aliqua
1221 3033 1260 3076 ex

154 3122 249 3184 reims
270 3121 437 3184 naualibus
452 3121 549 3202 petita
569 3121 724 3182 illustrat:
753 3120 786 3182 in
815 3139 874 3199 qua
902 3117 982 3179 iiiuti
1008 3117 1259 3180 noii'uimis'ei·

154 3224 258 3300 ierac,
284 3227 369 3304 quod
401 3226 468 3286 tria
483 3227 571 3304 quasi
592 3245 709 3306 genero
731 3226 880 3299 distinxit,
901 3243 980 3286 neve
1001 3225 1075 3285 inda
1097 3225 1259 3302 coniicias,

155 3330 201 3390 aio
223 3331 317 3392 etiam
344 3329 376 3392 in
399 3329 509 3390 comici
530 3334 644 3408 poetae
665 3346 796 3390 munere
822 3333 887 3388 tres
906 3330 993 3406 quasi
1021 3329 1137 3408 gradus
1157 3329 1261 3410 dispa-

158 3435 292 3497 sc'cmior
315 3454 401 3508 esse:
429 3451 538 3526 aarum
566 3431 645 3494 nihil
672 3432 756 3494 allud
777 3431 839 3494 hoc
867 3435 1010 3514 cremon
1037 3434 1130 3497 docet
1157 3445 1261 3516 pocta,

158 3557 251 3620 quam
272 3538 533 3620 quomadmodum
553 3539 587 3600 in
608 3539 679 3600 navi
700 3538 833 3619 primum
855 3540 924 3620 quis
945 3542 1076 3622 remigio
1099 3541 1261 3606 adiunctus

156 3634 289 3722 aiiorum
319 3645 459 3726 imperiis
487 3646 629 3720 obediat,
667 3634 737 3726 post
766 3645 799 3720 in
827 3665 921 3727 prora
948 3653 1075 3710 rentum
1105 3649 1260 3726 obscuret,

157 3751 293 3830 deniqne
314 3753 354 3814 ad
375 3753 496 3814 ciarum
516 3753 690 3834 regendum
716 3752 861 3827 accedat,
886 3753 931 3814 ita
961 3753 1113 3824 etiamn
1143 3757 1262 3818 comica

156 3865 225 3919 arte
266 3859 381 3920 sensim
419 3864 451 3920 ct
482 3859 569 3938 quasi
596 3877 653 3940 per
681 3857 796 3937 gradus
824 3874 978 3918 summum
1004 3856 1162 3938 fastigium
1192 3879 1283 3927 οταν

125 3993 126 3998 1
158 3963 346 4043 petendum:
378 3963 532 4044 significat
560 3965 656 4045 igitur
684 3969 778 4041 poeta
805 3961 883 4023 nihii
910 3961 995 4024 aliud
1023 3981 1115 4043 quam
1142 3983 1177 4027 ac
1198 3967 1262 4046 pri-

160 4085 245 4130 mum
264 4067 450 4150 aiiiapoctis
462 4069 615 4131 honorem
637 4067 782 4128 lubenter
796 4067 989 4130 concessisse
1011 4087 1182 4148 corumque
1203 4071 1263 4133 im·

156 4174 246 4250 perio
273 4175 470 4258 subiunctum
501 4172 618 4248 fuisso,
646 4187 729 4234 nnnc
757 4171 885 4249 demum
906 4174 946 4240 ab
967 4180 1112 4256 ornatore
1133 4173 1264 4238 chorum
